{1:F01DEUTDEFFXP9Y0000000000}{2:O9402321120826DEUTNL2NAXXX00000000001208262321N}{3:{113:BL03}{108:SWIFT137852}}{4:
:20:S000000000546686
:25:0571161782
:28C:239
:60F:C120825EUR9555,97
:62F:C120826EUR9555,97
:64:C120826EUR9555,97
-}{1:F01DEUTDEFFXP9Y0000000000}{2:O9400434120828DEUTNL2NAXXX00000000001208280434N}{3:{113:BL03}{108:SWIFT246251}}{4:
:20:S000000000990911
:25:0571161782
:28C:240/1
:60F:C120826EUR9555,97
:61:1208270827D5,NDDT1513459068999678//202-38415
:86:Incasso Afschrijving (DT) /ORDP/ADYEN B V //REMI/HOLLANDSNIEUWEHN
.LB- PRODUCTION 13418756.1//ACCW/0515071439/
:62F:C120827EUR9550,97
:64:C120827EUR9550,97
-}{1:F01DEUTDEFFXP9Y0000000000}{2:O9400704120904DEUTNL2NAXXX00000000001209040704N}{3:{113:BL03}{108:SWIFT663938}}{4:
:20:S000000001917173
:25:0571161782
:28C:241/1
:60F:C120827EUR9550,97
:61:1209030903D39,23NDDT0000201200166068//202-113136
:86:Incasso Afschrijving (DT) /ORDP/Transip B.V. //REMI/FACTUUR F0000
.2012.0016.6068//ACCW/0654416265/
:62F:C120903EUR9511,74
:64:C120903EUR9511,74
-}{1:F01DEUTDEFFXP9Y0000000000}{2:O9400852120908DEUTNL2NAXXX00000000001209080852N}{3:{113:BL03}{108:SWIFT966241}}{4:
:20:S000000002480865
:25:0571161782
:28C:242/1
:60F:C120903EUR9511,74
:61:1209070907D8,95NCHGNONREF//117-48232
:86:Afschrijving Maandnota
:62F:C120907EUR9502,79
:64:C120907EUR9502,79
-}{1:F01DEUTDEFFXP9Y0000000000}{2:O9400153120912DEUTNL2NAXXX00000000001209120153N}{3:{113:BL03}{108:SWIFT1141662}}{4:
:20:S000000003081323
:25:0571161782
:28C:243/1
:60F:C120907EUR9502,79
:61:1209110911D20,NDDT1413473477220593//202-177768
:86:Incasso Afschrijving (DT) /ORDP/ADYEN B V //REMI/HOLLANDSNIEUWEHN
.SMS- PRODUCTION 13728360.1//ACCW/0515071439/
:62F:C120911EUR9482,79
:64:C120911EUR9482,79
-}{1:F01DEUTDEFFXP9Y0000000000}{2:O9400601120918DEUTNL2NAXXX00000000001209180601N}{3:{113:BL03}{108:SWIFT1502134}}{4:
:20:S000000003697123
:25:0571161782
:28C:247/1
:60F:C120914EUR12008,38
:61:1209170917D1,25NCHGKREF+//126-2437152-1
:86:Afschrijving Maandnota /KREF/DT. BANK CIB GTB CB 83312 0004552//R
EMI/ 20120801 TO 20120831/
:61:1209170917D23,80NDDT0000201200175939//202-205161
:86:Incasso Afschrijving (DT) /ORDP/Transip B.V. //REMI/FACTUUR F0000
.2012.0017.5939//ACCW/0654416265/
:62F:C120917EUR11983,33
:64:C120917EUR11983,33
-}